/Users/jonasvonstein/Zotero/references.bib